@article{Artigue2013,
abstract = {The terms inquiry-based learning and inquiry-based education have appeared with increasing frequency in educational policy and curriculum documents related to mathematics and science education over the past decade, indicating a major educational trend. We go back to the origin of inquiry as a pedagogical concept in the work of Dewey (e.g. 1916, 1938) to analyse and discuss its migration to science and mathematics education. For conceptualizing inquiry-based mathematics education (IBME) it is important to analyse how this concept resonates with already well-established theoretical frameworks in mathematics education. Six such frameworks are analysed from the perspective of inquiry: the problem-solving tradition, the theory of didactical situations, the realistic mathematics education programme, the mathematical modelling perspective, the anthropological theory of didactics, and the dialogical and critical approach to mathematics education. In an appendix these frameworks are illustrated with paradigmatic examples of teaching activities with inquiry elements. The paper is rounded off with a list of ten concerns for the development and implementation of IBME.},
author = {Artigue, Mich{\`{e}}le and Blomh{\o}j, Morten},
doi = {10.1007/s11858-013-0506-6},
file = {:home/lenin/.local/share/data/Mendeley Ltd./Mendeley Desktop/Downloaded/Artigue, Blomh{\o}j - 2013 - Conceptualizing inquiry-based education in mathematics.pdf:pdf},
isbn = {1863-9690, 1863-9704},
issn = {18639690},
journal = {ZDM - International Journal on Mathematics Education},
mendeley-groups = {20171/Prome/Anteproyecto},
number = {6},
pages = {797--810},
title = {{Conceptualizing inquiry-based education in mathematics}},
volume = {45},
year = {2013}
}




@article{Barquero2014,
author = {Barquero, Berta and Bosch, Marianna and Gasc{\'{o}}n, Josep},
doi = {10.5565/rev/ensciencias.933},
file = {:home/lenin/.local/share/data/Mendeley Ltd./Mendeley Desktop/Downloaded/Barquero, Bosch, Gasc{\'{o}}n - Unknown - Incidencia del «aplicacionismo» en la inte-graci{\'{o}}n de la modelizaci{\'{o}}n matem{\'{a}}tica en la ense{\~{n}}a.pdf:pdf},
journal = {Ense{\~{n}}anza de las Ciencias},
mendeley-groups = {20191},
number = {1},
pages = {83--100},
title = {{Incidencia del "aplicacionismo" en la integraci{\'{o}}n de la modelizaci{\'{o}}n matem{\'{a}}tica en la ense{\~{n}}anza universitaria de las ciencias experimentales}},
url = {https://core.ac.uk/download/pdf/19766511.pdf},
volume = {32},
year = {2014}
}



@article{Barquero2018,
author = {Barquero, Berta and Monreal, Nacho and Ruiz-Munzon, Noem{\'{i}} and Serrano, Lidia},
doi = {10.1007/s40753-017-0067-0},
file = {:home/lenin/.local/share/data/Mendeley Ltd./Mendeley Desktop/Downloaded/Barquero et al. - 2018 - Linking Transmission with Inquiry at University Level through Study and Research Paths the Case of Forecasting.pdf:pdf},
journal = {International Journal of Research in Undergraduate Mathematics Education},
keywords = {Dialectics,Inquiry,Research and study activities,Study and research paths,Transmission},
mendeley-groups = {PromeD/REIs},
number = {1},
pages = {8--22},
title = {{Linking Transmission with Inquiry at University Level through Study and Research Paths : the Case of Forecasting Facebook User Growth}},
volume = {4},
year = {2018}
}



@incollection{Barquero2012a,
address = {Barcelona},
author = {Barquero, Berta and Bosch, Marianna and Gasc{\'{o}}n, Josep},
booktitle = {Un panorama de la TAD},
editor = {Bosch, Marianna and Gasc{\'{o}}n, Josep and Olarr{\'{i}}a, Alicia Ruiz and Artaud, Mich{\`{e}}le and Bronner, Alain and Chevallard, Yves and Cirade, Gis{\`{e}}le and Ladage, Caroline and Larguier, Mir{\`{e}}ne},
file = {:home/lenin/.local/share/data/Mendeley Ltd./Mendeley Desktop/Downloaded/Barquero, Bosch, Gasc{\'{o}}n - 2011 - Ecolog{\'{i}}a de la modelizaci{\'{o}}n matem{\'{a}}tica los recorridos de estudio e investigaci{\'{o}}n.pdf:pdf},
mendeley-groups = {Viejos/MatematicaEducativa/REI,20172/SI/Estado del Arte/Fuentes Diversas,20172/SI/FuentesDiversas},
pages = {553--577},
publisher = {Centre de Recerca Matem{\`{a}}tica, Campus de Bellaterra, Edifici C},
series = {Aportaciones de la teor{\'{i}}a antropol{\'{o}}gica de lo did{\'{a}}ctico},
title = {{Ecolog{\'{i}}a de la modelizaci{\'{o}}n matem{\'{a}}tica: los recorridos de estudio e investigaci{\'{o}}n}},
url = {http://www.atd-tad.org/wp-content/uploads/2012/05/BarqueroBoschGascon-CITAD-III-2011.pdf},
year = {2011}
}



@article{Barquero2015,
abstract = {Este trabajo se centra en extender el problema de la ecolog{\'{i}}a de la modelizaci{\'{o}}n matem{\'{a}}tica en su ense{\~{n}}anza a nivel universitario. Nuestro principal objetivo es estudiar la variedad de restricciones que aparecen cuando actividades de modelizaci{\'{o}}n son llevadas a las aulas universitarias, impidiendo su evoluci{\'{o}}n normal y estudiar las condiciones que permiten superar su rigidez. En el marco de la teor{\'{i}}a antropol{\'{o}}gica de lo did{\'{a}}ctico, la propuesta del dise{\~{n}}o de los recorridos de estudio e investigaci{\'{o}}n (REI) apunta nuevas posibilidades de superar algunas de estas restricciones. Presentamos, aqu{\'{i}}, el dise{\~{n}}o y experimentaci{\'{o}}n de un REI basado en las dificultades de conseguir una distribuci{\'{o}}n homog{\'{e}}nea de bicicletas en un sistema urbano de uso compartido. Se presentar{\'{a}}n las sucesivas transformaciones que sufre su dise{\~{n}}o para adaptarse a dos entornos institucionales distintos y las respuestas y reacciones que estudiantes y profesores universitarios ponen de manifiesto ante dichas experimentaciones.},
author = {Barquero, Berta},
doi = {10.1590/1980-4415v29n52a09},
file = {:home/lenin/.local/share/data/Mendeley Ltd./Mendeley Desktop/Downloaded/Barquero - 2015 - Ense{\~{n}}ando Modelizaci{\'{o}}n a Nivel Universitario la relatividad institucional de los recorridos de estudio e investigac.pdf:pdf},
issn = {19804415},
journal = {Bolema - Mathematics Education Bulletin},
keywords = {Anthropological Theory of the Didactics,Ecology,Institutional Relativity,Mathematical Modelling,Research and Study Paths},
mendeley-groups = {20172/SI/Estado del Arte/Art{\'{i}}culos,20172/SI/Art{\'{i}}culos},
number = {52},
pages = {593--612},
title = {{Ense{\~{n}}ando Modelizaci{\'{o}}n a Nivel Universitario: la relatividad institucional de los recorridos de estudio e investigaci{\'{o}}n}},
volume = {29},
year = {2015}
}








@article{Bartolome2018,
abstract = {Study and research path (SRP) is an inquiry-based teaching format grounded in the Anthropological Theory of the Didactic. One of the specific characteristics of SRP is its task-design basis, which includes explicitly questioning the knowledge at stake in study processes. In this work, we propose general guidelines for the design of SRPs for Engineering courses. We have explored the validity of the SRP methodology for learning Strength of Materials, a key subject in Mechanical Engineering. The use of question–answer maps and the media–milieu dialectics throughout the development of the SRP are discussed, together with the student's perceptions on the new learning process.},
author = {Bartolom{\'{e}}, Elena and Florensa, Ignasi and Bosch, Marianna and Gasc{\'{o}}n, Josep},
doi = {10.1080/03043797.2018.1490699},
file = {:home/lenin/Downloads/A study and research path enriching the learning of mechanical engineering.pdf:pdf},
isbn = {03043797 (ISSN)},
issn = {14695898},
journal = {European Journal of Engineering Education},
keywords = {Anthropological theory of the didactic,engineering education,inquiry-based learning,strength of materials,study and research paths},
mendeley-groups = {20191},
publisher = {Taylor {\&} Francis},
title = {{A ‘study and research path' enriching the learning of mechanical engineering}},
url = {https://doi.org/10.1080/03043797.2018.1490699},
year = {2018}
}







@incollection{Bosch2014,
address = {Suiza},
author = {Bosch, Marianna and Gasc{\'{o}}n, Josep},
booktitle = {Networking of Theories as a Research Practice in Mathematics Education},
chapter = {5},
doi = {10.1007/978-3-319-05389-9_5},
editor = {Bikner-Ahsbahs, Angelika and Prediger, Susanne},
file = {:home/lenin/.local/share/data/Mendeley Ltd./Mendeley Desktop/Downloaded/Bosch, Gasc{\'{o}}n - 2014 - Introduction to the Anthropological Theory of the Didactic (ATD)(2).pdf:pdf},
keywords = {heidegger,methodologies,networking theories,semiosphere},
mendeley-groups = {20162/Maestr{\'{i}}a,20181},
pages = {67--83},
publisher = {Springer},
title = {{Introduction to the Anthropological Theory of the Didactic (ATD)}},
url = {http://link.springer.com/10.1007/978-3-319-05389-9},
year = {2014}
}


@article{Chevallard1992,
author = {Chevallard, Yves},
doi = {10.1007/BF03338779},
file = {:home/lenin/Downloads/chevallard1992.pdf:pdf},
issn = {0173-5322},
journal = {Journal f{\"{u}}r Mathematik-Didaktik},
mendeley-groups = {20191},
month = {sep},
number = {2-3},
pages = {215--230},
publisher = {Springer-Verlag},
title = {{A Theoretical Approach to Curricula}},
url = {http://link.springer.com/10.1007/BF03338779},
volume = {13},
year = {1992}
}



@inproceedings{Chevallard1998b,
author = {Chevallard, Yves},
booktitle = {Actes de l'{\'{E}}cole d'{\'{e}}t{\'{e}} de la Rochelle},
file = {:C$\backslash$:/Users/usuario/Documents/Mendeley Desktop/Chevallard{\_}1998.pdf:pdf},
mendeley-groups = {Viejos/MatematicaEducativa/Tesis/Citados,Viejos/MatematicaEducativa/Tesis/Chevallard,20162/Maestr{\'{i}}a,20172/SI/Estado del Arte/Ponencias,20181/Ensayo},
pages = {91--120},
title = {{Analyse des pratiques enseignantes et didactique des math{\'{e}}matiques: l'approche anthropologique}},
url = {http://yves.chevallard.free.fr/spip/spip/article.php3?id_article=27},
year = {1998}
}







@inproceedings{Chevallard2006,
address = {Sant Feliu de Gu{\'{i}}xols, Espa{\~{n}}a},
author = {Chevallard, Yves},
booktitle = {Proceedings of the Fourth Congress of the European Society for Research in Mathematics Education (CERME 4)},
editor = {Bosch, Marianna and de Abreu, G. and Artaud, M. and Artigue, M. and Bartolini-Bussi, M. and Barzel, B. and Bergsten, C. and Blomh{\o}j, M. and Biehler, R. and Carrillo, J. and C{\'{e}}sar, M. and Drijvers, P. and Dreyfus, T. and Drouhard, J.P. and Duval, R. and Even, R. and Ferrari, P. L. and G{\'{o}}mez-Chac{\'{o}}n, I. M. and Gorgori{\'{o}}, N. and Gray, E. and Guti{\'{e}}rrez, A. and Haines, C. and Hannula, M. S. and Hejn{\'{y}}, M. and H{\o}ines, M. Johnsen and Kaiser, G. and Knipping, C. and K{\"{u}}chemann, D. and Kuzniak, A. and Kvasz, L. and Littler, G. and Mamona-Downs, J. and Mariotti, M. A. and Maschietto, M. and Meehan, M. and Meletiou, M. and Monaghan, J. and Morgan, C. and Nordstr{\"{o}}m, K. and Ottaviani, M. G. and Panizza, M. and Parzysz, B. and Peretz, D. and Pesci, A. and Philippou, G. and Pratt, D. and Prediger, S. and Puig, L. and Radford, L. and Rowland, T. and Schl{\"{o}}glmann, W. and Serrazina, L. and Straesser, R. and Trouche, L. and Valero, P.},
file = {:home/lenin/.local/share/data/Mendeley Ltd./Mendeley Desktop/Downloaded/Chevallard - 2006 - Steps Towards a New Epistemology in Mathematics Education.pdf:pdf},
mendeley-groups = {20162/Maestr{\'{i}}a},
pages = {21--30},
publisher = {FUNDEMI IQS},
title = {{Steps Towards a New Epistemology in Mathematics Education}},
url = {http://yves.chevallard.free.fr/spip/spip/IMG/pdf/Steps_towards_a_New_Epistemology.pdf},
year = {2006}
}



@incollection{Chevallard2007,
address = {Jaen, Espa{\~{n}}a},
author = {Chevallard, Yves},
booktitle = {Sociedad, Escuela y Matem{\'{a}}ticas. Aportaciones de la Teor{\'{i}}a Antropol{\'{o}}gica de la Did{\'{a}}ctico},
editor = {Ruiz-Higueras, Luisa and Estepa, Antonio and Garc{\'{i}}a, Francisco},
file = {:home/lenin/.local/share/data/Mendeley Ltd./Mendeley Desktop/Downloaded/Chevallard - 2007 - Pass{\'{e}} et pr{\'{e}}sent de la th{\'{e}}orie anthropologique du didactique.pdf:pdf},
isbn = {3219280948873},
mendeley-groups = {20162/Maestr{\'{i}}a},
pages = {705--746},
publisher = {Publicaciones de la Universidad de Ja{\'{e}}n},
title = {{Pass{\'{e}} et pr{\'{e}}sent de la th{\'{e}}orie anthropologique du didactique}},
url = {http://yves.chevallard.free.fr/spip/spip/article.php3?id_article=134},
year = {2007}
}



@inproceedings{Chevallard2007b,
address = {Par{\'{i}}s, Francia},
author = {Chevallard, Yves},
booktitle = {Actes du s{\'{e}}minaire national de didactique des math{\'{e}}matiques, ann{\'{e}}e 2007},
editor = {Gueudet, Ghislaine and Matheron, Yves},
file = {:home/lenin/.local/share/data/Mendeley Ltd./Mendeley Desktop/Downloaded/Chevallard - 2007 - Un concept en {\'{e}}mergence la dialectique des m{\'{e}}dias et des milieux.pdf:pdf},
mendeley-groups = {20162/Maestr{\'{i}}a},
pages = {344--366},
publisher = {ARDM and IREM, University of Paris 7},
title = {{Un concept en {\'{e}}mergence : la dialectique des m{\'{e}}dias et des milieux}},
url = {http://www.irem.univ-paris-diderot.fr/articles/mise_en_ligne_des_actes_du_seminaire_national_de_didactique/},
year = {2007}
}






@misc{Chevallard2009,
author = {Chevallard, Yves},
file = {:home/lenin/.local/share/data/Mendeley Ltd./Mendeley Desktop/Downloaded/Chevallard - 2009 - La notion de PER probl{\`{e}}mes et avanc{\'{e}}es.pdf:pdf},
mendeley-groups = {20162/Maestr{\'{i}}a,20171/Prome/Anteproyecto},
title = {{La notion de PER : probl{\`{e}}mes et avanc{\'{e}}es}},
url = {http://yves.chevallard.free.fr/spip/spip/article.php3?id_article=161},
year = {2009},
howpublished = {Texto de una ponencia presentada el 28 de abril de 2009 en Toulouse, Francia}
}






@inproceedings{Chevallard2013,
author = {Chevallard, Yves},
booktitle = {Journal du Seminaire TAD/IDD},
file = {:home/lenin/Downloads/journal-tad-idd-2012-2013-1.pdf:pdf},
mendeley-groups = {20191},
pages = {1--35},
title = {{Th{\'{e}}orie Anthropologique du Didactique {\&} Ing{\'{e}}nierie Didactique du D{\'{e}}veloppement: S{\'{e}}ance 1}},
url = {http://yves.chevallard.free.fr/spip/spip/article.php3?id_article=212},
year = {2013}
}






@article{Chevallard2013b,
author = {Chevallard, Yves},
doi = {10.4471/redimat.2013.26},
file = {:home/lenin/.local/share/data/Mendeley Ltd./Mendeley Desktop/Downloaded/Chevallard - 2013 - Ense{\~{n}}ar Matem{\'{a}}ticas en la Sociedad de Ma{\~{n}}ana Alegato a Favor de un Contraparadigma Emergente(2).pdf:pdf},
journal = {Journal of Research in Mathematics Education},
mendeley-groups = {Viejos/MatematicaEducativa/3erSemestre/Innovaciones Tecnol{\'{o}}gicas para el Aula de Matem{\'{a}}ticas},
number = {2},
pages = {161--182},
title = {{Ense{\~{n}}ar Matem{\'{a}}ticas en la Sociedad de Ma{\~{n}}ana: Alegato a Favor de un Contraparadigma Emergente}},
volume = {2},
year = {2013}
}



@article{Costa2015,
abstract = {Resumen: En este trabajo se presenta un an{\'{a}}lisis did{\'{a}}ctico relativo a un Recorrido de Estudio e Investigaci{\'{o}}n (REI) para el estudio del C{\'{a}}lculo Vectorial, considerando las dial{\'{e}}cticas propuestas por la Teor{\'{i}}a Antropol{\'{o}}gica de lo Did{\'{a}}ctico (TAD). El REI se desarroll{\'{o}} en un curso de matem{\'{a}}tica en una Facultad de Ingenier{\'{i}}a en el marco de la Pedagog{\'{i}}a de la Investigaci{\'{o}}n y del Cuestionamiento del Mundo (PICM).},
author = {Costa, Ang{\'{e}}lica and Arlego, Marcelo and Otero, Mar{\'{i}}a},
file = {:home/lenin/Downloads/8{\_}3{\_}4.pdf:pdf},
isbn = {1093501403516},
issn = {0278095X},
journal = {Revista de Formaci{\'{o}}n e Innovaci{\'{o}}n Educativa Universitaria},
keywords = {Anthropological Theory of the Didactic,Didactic Mathematical,Research and Study Paths},
mendeley-groups = {20191},
number = {3},
pages = {146--161},
title = {{Las dial{\'{e}}cticas en un Recorrido de Estudio e Investigaci{\'{o}}n para la ense{\~{n}}anza del C{\'{a}}lculo Vectorial en la Universidad}},
url = {http://refiedu.webs.uvigo.es/},
volume = {8},
year = {2015}
}








@article{Donvito2014,
author = {Donvito, Angel and Otero, Mar{\'{i}}a and Sureda, Patricia},
file = {:home/lenin/.local/share/data/Mendeley Ltd./Mendeley Desktop/Downloaded/Donvito, Otero, Sureda - Unknown - Actitudes de la Pedagog{\'{i}}a de la Investigaci{\'{o}}n en el marco de la TAD un an{\'{a}}lisis en tres escuelas s.pdf:pdf},
journal = {IKASTORRATZA, e-Revista de Did{\'{a}}ctica},
mendeley-groups = {20191},
pages = {1--27},
title = {{Actitudes de la Pedagog{\'{i}}a de la Investigaci{\'{o}}n en el marco de la TAD: un an{\'{a}}lisis en tres escuelas secundarias}},
url = {http://www.ehu.eus/ikastorratza/},
volume = {12},
year = {2014}
}



@phdthesis{Echavarria2016,
address = {Ciudad de M{\'{e}}xico},
author = {Echavarr{\'{i}}a, Lenin},
mendeley-groups = {20172/SI/Estado del Arte/Tesis,20171/Prome/Anteproyecto},
school = {CICATA Legaria del Instituto Polit{\'{e}}cnico Nacional},
title = {{Dise{\~{n}}o de dispositivos did{\'{a}}cticos de investigaci{\'{o}}n para la formaci{\'{o}}n de ingenieros: el caso de creaci{\'{o}}n de herramientas computacionales.}},
type = {Tesis de Maestr{\'{i}}a no publicada},
year = {2016}
}








@article{EducationCommitteeoftheEMS2012,
author = {{Education Committee of the EMS}},
doi = {10.1002/pssb.200743436},
file = {:home/lenin/Downloads/Solid{\_}findings{\_}Teacher{\_}Knowledge{\_}Long{\_}Version.pdf:pdf},
journal = {Newsletter of the European Mathematical Society},
mendeley-groups = {20191},
number = {83},
pages = {46--50},
title = {{It is necessary that teachers are mathematically proficient , but is it sufficient ? Solid findings in mathematics education on teacher knowledge}},
year = {2012}
}




@article{Florensa2018,
abstract = {{\textcopyright} 2018 IEEE. Open research issues in the research field of Project Based Learning in Engineering Education are the selection of the project theme and the lack of tools to deal with a new conception of knowledge to be taught. Didactics of Mathematics are facing similar research issues when implementing and analyzing inquiry-based processes. We hypothesize that two of the methodological tools used in Didactics in Mathematics could be used in Project Based Learning in Engineering Education. We present in this study the results of two exploratory case studies using these tools in the design, experimentation and analysis of project based learning courses in General Elasticity in a 3rd year of a Mechanical Engineering Degree.},
author = {Florensa, Ignasi and Bosch, Marianna and Gas{\'{o}}n, Josep},
doi = {10.1109/EDUCON.2018.8363306},
file = {:home/lenin/Downloads/08363306.pdf:pdf},
isbn = {9781538629574},
issn = {21659567},
journal = {IEEE Global Engineering Education Conference, EDUCON},
keywords = {Case Study,Course design,General Linear Elasticity,Project Based Learning,Study and Research Path},
mendeley-groups = {20191},
pages = {751--759},
title = {{Enriching engineering education with didactics of mathematics: Study and research paths in engineering education}},
volume = {2018-April},
year = {2018}
}








@article{Godino2016,
author = {Godino, Juan and Batanero, Carmen and Ca{\~{n}}adas, Gustavo and Contreras, Jos{\'{e}}},
file = {:home/lenin/.local/share/data/Mendeley Ltd./Mendeley Desktop/Downloaded/Godino et al. - 2016 - Linking inquiry and transmission in teaching and learning mathematics and experimental sciences.pdf:pdf},
journal = {Acta Scientiae},
keywords = {inquiry learning,knowledge transmission,mathematical instruction,mathematical knowledge,onto-,semiotic approach},
mendeley-groups = {PromeD/Matem{\'{a}}ticas en Ingenier{\'{i}}a},
number = {4},
pages = {29--47},
title = {{Linking inquiry and transmission in teaching and learning mathematics and experimental sciences}},
volume = {18},
year = {2016}
}



@article{Llanos2015,
author = {Llanos, Viviana Carolina and Otero, Mar{\'{i}}a Rita},
doi = {10.12802/relime.13.1824},
file = {:home/lenin/.local/share/data/Mendeley Ltd./Mendeley Desktop/Downloaded/Llanos, Otero - 2015 - La incidencia de las funciones did{\'{a}}cticas topog{\'{e}}nesis, mesog{\'{e}}nesis y cronog{\'{e}}nesis en un recorrido de estudi.pdf:pdf},
journal = {Revista Latinoamericana de Investigaci{\'{o}}n en Matem{\'{a}}tica Educativa},
mendeley-groups = {20172/SI/Estado del Arte/Art{\'{i}}culos,20162/Maestr{\'{i}}a},
number = {2},
pages = {245--275},
title = {{La incidencia de las funciones did{\'{a}}cticas topog{\'{e}}nesis, mesog{\'{e}}nesis y cronog{\'{e}}nesis en un recorrido de estudio y de investigaci{\'{o}}n: el caso de las funciones polin{\'{o}}micas de segundo grado}},
volume = {18},
year = {2015}
}



@article{Otero2013,
abstract = {En este trabajo intentamos utilizar las nociones de Pedagog{\'{i}}a de la Investigaci{\'{o}}n y del Cuestionamiento del Mundo (PICM) y de Recorridos de Estudio e Investigaci{\'{o}}n (REI) para analizar cr{\'{i}}ticamente el enfoque gen{\'{e}}ricamente denominado inquiry y sus declinaciones. Realizamos una breve s{\'{i}}ntesis hist{\'{o}}rica para mostrar las sucesivas declinaciones del inquiry para adaptarlo a la realidad escolar. Adelantamos nuestra posici{\'{o}}n a favor de la solidez de la TAD como marco te{\'{o}}rico y su potencia para reinterpretar los problemas que el inquiry pretende resolver, sin lograrlo, porque carece de una perspectiva did{\'{a}}ctica y de fundamentos te{\'{o}}ricos definidos.},
author = {Otero, Mar{\'{i}}a Rita and Fanaro, Mar{\'{i}}a de los Angeles and Llanos, Viviana Carolina},
file = {:home/lenin/Downloads/273327598007.pdf:pdf},
issn = {1850-6666},
journal = {Revista Electr{\'{o}}nica de Investigaci{\'{o}}n en Educaci{\'{o}}n en Ciencias},
keywords = {Ciencias b{\'{a}}sicas y experimentales,Ciencias b{\'{a}}sicas y experimentales. Generalidades,Did{\'{a}}cticas aplicadas,Psicolog{\'{i}}a y educaci{\'{o}}n},
mendeley-groups = {20191},
number = {1},
pages = {77--89},
title = {{La Pedagog{\'{i}}a de la Investigaci{\'{o}}n y del Cuestionamiento del Mundo y el Inquiry: un an{\'{a}}lisis desde la ense{\~{n}}anza de la Matem{\'{a}}tica y la F{\'{i}}sica}},
url = {http://dialnet.unirioja.es/servlet/articulo?codigo=4462891},
volume = {8},
year = {2013}
}




@article{Parra2014,
author = {Parra, Ver{\'{o}}nica and Otero, Mar{\'{i}}a and Fanaro, Mar{\'{i}}a},
file = {:home/lenin/Downloads/dialectica.pdf:pdf},
journal = {IKASTORRATZA, e-Revista de Did{\'{a}}ctica},
keywords = {de la investigaci{\'{o}}n,dial{\'{e}}ctica del estudio y,did{\'{a}}ctico,investigaci{\'{o}}n,modelo simple de,recorridos de estudio e,rei,tad,teor{\'{i}}a antropol{\'{o}}gica de lo},
mendeley-groups = {20191},
number = {13},
title = {{Ense{\~{n}}anza por Recorridos de Estudio e Investigaci{\'{o}}n en la escuela secundaria: la dial{\'{e}}ctica del estudio y de la investigaci{\'{o}}n}},
url = {http://www.ehu.eus/ikastorratza/},
year = {2014}
}




@article{Parra2017,
abstract = {Resumen. Este trabajo propone y describe una metodolog{\'{i}}a de an{\'{a}}lisis basada en la formulaci{\'{o}}n de un conjunto de indicadores did{\'{a}}ctico-matem{\'{a}}ticos de las " dial{\'{e}}cticas " del estudio y la investigaci{\'{o}}n. Estos indicadores se construyeron a partir de los datos obtenidos al dise{\~{n}}ar, implementar y evaluar un Recorrido de Estudio e Investigaci{\'{o}}n (REI) cuyas preguntas de partida se vinculan al equilibrio de mercado de un modelo de oferta y demanda. Se realizaron dos implementaciones en el {\'{u}}ltimo a{\~{n}}o del nivel escolar secundario argentino (16-17 a{\~{n}}os) (N = 60). El profesor propuso a los estudiantes preguntas del tipo siguiente: ¿C{\'{o}}mo calcular el punto de equilibrio en un modelo lineal de mer-cado? ¿Cu{\'{a}}nto var{\'{i}}a exactamente el punto de equilibrio al modificar los par{\'{a}}-metros del modelo? Se concluye que las dial{\'{e}}cticas m{\'{a}}s identificadas son del individuo y del colectivo, del tema y fuera-de-tema, del estudio y de la investi-gaci{\'{o}}n, del an{\'{a}}lisis-s{\'{i}}ntesis praxeol{\'{o}}gica y del an{\'{a}}lisis-s{\'{i}}ntesis did{\'{a}}ctica, as{\'{i}} como de las cajas negras y cajas claras.},
author = {Parra, Ver{\'{o}}nica and Otero, Mar{\'{i}}a},
doi = {10.24844/EM2903.01},
file = {:home/lenin/Downloads/1665-5826-ed-29-03-9.pdf:pdf},
issn = {16655826},
journal = {Educacion Matematica},
mendeley-groups = {20191},
number = {3},
pages = {9--49},
title = {{Ense{\~{n}}anza de la matem{\'{a}}tica por recorridos de estudio e investigaci{\'{o}}n: indicadores did{\'{a}}ctico-matem{\'{a}}ticos de las “dial{\'{e}}cticas”}},
url = {http://www.revista-educacion-matematica.org.mx/revista/2017/11/29/ensenanza-de-la-matematica-por-recorridos-de-estudio-e-investigacion-indicadores-didactico-matematicos-de-las-dialecticas/},
volume = {29},
year = {2017}
}








@article{Romo-Vazquez2014,
author = {Romo-V{\'{a}}zquez, Avenilde},
file = {:home/lenin/.local/share/data/Mendeley Ltd./Mendeley Desktop/Downloaded/Romo-V{\'{a}}zquez - 2014 - La modelizaci{\'{o}}n matem{\'{a}}tica en la formaci{\'{o}}n de ingenieros(3).pdf:pdf},
journal = {Educaci{\'{o}}n Matem{\'{a}}tica, 25 a{\~{n}}os},
keywords = {actividades,formaci{\'{o}}n de ingenieros,modelizaci{\'{o}}n matem{\'{a}}tica},
mendeley-groups = {20162/Maestr{\'{i}}a,Viejos/MatematicaEducativa/Tesis/Avenilde,20172/SI/Estado del Arte/Art{\'{i}}culos,20171/Prome/Anteproyecto,20181/Ensayo},
month = {mar},
pages = {314--338},
title = {{La modelizaci{\'{o}}n matem{\'{a}}tica en la formaci{\'{o}}n de ingenieros}},
year = {2014},
url = {https://dialnet.unirioja.es/servlet/articulo?codigo=5987202},
}



@inproceedings{Serrano2010,
address = {Montpellier, Francia},
author = {Serrano, Lidia and Bosch, Marianna and Gasc{\'{o}}n, Josep},
booktitle = {Diffuser les math{\'{e}}matiques (et les autres savoirs) comme outils de connaissance et d'action},
editor = {Bronner, A. and Larguier, M. and Artaud, M. and Bosch, M. and Chevallard, Y. and Cirade, G. and Ladage, C.},
file = {:home/lenin/.local/share/data/Mendeley Ltd./Mendeley Desktop/Downloaded/Serrano, Bosch, Gasc{\'{o}}n - 2010 - C{\'{o}}mo hacer una previsi{\'{o}}n de ventas propuesta de recorrido de estudio e investigaci{\'{o}}n en un primer.pdf:pdf},
mendeley-groups = {20172/SI/Estado del Arte/Art{\'{i}}culos,20181},
pages = {835--857},
publisher = {IUFM de l'Acad{\'{e}}mie de Montpellier},
title = {{"C{\'{o}}mo hacer una previsi{\'{o}}n de ventas": propuesta de recorrido de estudio e investigaci{\'{o}}n en un primer curso universitario de administraci{\'{o}}n y direcci{\'{o}}n de empresas}},
url = {http://www.atd-tad.org},
year = {2010}
}


@phdthesis{Serrano2013,
author = {Serrano, Lidia},
file = {:home/lenin/.local/share/data/Mendeley Ltd./Mendeley Desktop/Downloaded/Serrano - 2013 - La modelización matemática en los estudios universitarios de economía y empresa análisis ecológico y propues.pdf:pdf},
mendeley-groups = {20162/Maestr{\'{i}}a},
pages = {1--3},
school = {Universitat Ramon Llull},
title = {{La modelización matemática en los estudios universitarios de economía y empresa: análisis ecológico y propuesta didáctica}},
type = {Tesis Doctoral},
url = {http://www.atd-tad.org/documentos/},
year = {2013}
}



@article{Vazquez2016,
author = {V{\'{a}}zquez, Rita and Romo, Avenilde and Romo-V{\'{a}}zquez, Rebeca and Trigueros, Mar{\'{i}}a},
file = {:home/lenin/.local/share/data/Mendeley Ltd./Mendeley Desktop/Downloaded/V{\'{a}}zquez et al. - 2016 - La separaci{\'{o}}n ciega de fuentes un puente entre el {\'{a}}lgebra lineal y el an{\'{a}}lisis de se{\~{n}}ales.pdf:pdf},
journal = {Educaci{\'{o}}n Matem{\'{a}}tica},
keywords = {11 de abril de,13 de agosto de,2015,2016,bss,did{\'{a}}ctico,fecha de aceptaci{\'{o}}n,fecha de recepci{\'{o}}n,formaci{\'{o}}n de ingenieros,modelos matem{\'{a}}ticos,teor{\'{i}}a antropol{\'{o}}gica de lo,{\'{a}}lgebra lineal},
mendeley-groups = {20172/SI/Estado del Arte/Art{\'{i}}culos},
number = {2},
pages = {31--57},
title = {{La separaci{\'{o}}n ciega de fuentes : un puente entre el {\'{a}}lgebra lineal y el an{\'{a}}lisis de se{\~{n}}ales}},
volume = {28},
year = {2016}
}


@phdthesis{Walker2007,
author = {Walker, Denna},
file = {:home/lenin/.local/share/data/Mendeley Ltd./Mendeley Desktop/Downloaded/WHEELER - 2007 - THE DEVELOPMENT AND CONSTRUCT VALIDATION OF THE EPISTEMOLOGICAL BELIEFS SURVEY FOR MATHEMATICS.pdf:pdf},
mendeley-groups = {PromeD/Epistemolog{\'{i}}a},
school = {Oklahoma State University},
title = {{The development and construct validation of the epistemological beliefs survey for Mathematics}},
type = {Tesis de Doctorado},
url = {https://library.okstate.edu/},
year = {2007}
}





@article{Winslow2013,
author = {Winsl{\o}w, Carl and Matheron, Yves and Mercier, Alain},
doi = {10.1007/s10649-012-9453-3},
file = {:home/lenin/.local/share/data/Mendeley Ltd./Mendeley Desktop/Downloaded/Winsl{\o}w, Matheron, Mercier - 2013 - Study and research courses as an epistemological model for didactics.pdf:pdf},
issn = {0013-1954},
journal = {Educational Studies in Mathematics},
mendeley-groups = {20172/SI/Art{\'{i}}culos,20172/SI/Estado del Arte/Art{\'{i}}culos,20181/Ensayo},
month = {jun},
number = {2},
pages = {267--284},
publisher = {Springer},
title = {{Study and research courses as an epistemological model for didactics}},
url = {http://link.springer.com/10.1007/s10649-012-9453-3},
volume = {83},
year = {2013}
}




@inproceedings{Winslow2015,
address = {Suiza},
author = {Winsl{\o}w, Carl},
booktitle = {Selected Regular Lectures from the 12th International Congress on Mathematical Education},
doi = {10.1007/978-3-319-17187-6_48},
editor = {Cho, Sung Je},
file = {:home/lenin/.local/share/data/Mendeley Ltd./Mendeley Desktop/Downloaded/Winsl{\o}w - 2015 - Mathematics at University The Anthropological Approach.pdf:pdf},
keywords = {didactical function,instrumentation,{\'{a}} digital technology {\'{a}}},
mendeley-groups = {20162/Maestr{\'{i}}a,20181/Ensayo},
pages = {859--875},
publisher = {Springer},
title = {{Mathematics at University: The Anthropological Approach}},
url = {http://link.springer.com/10.1007/978-3-319-17187-6},
year = {2015}
}
